%YAML 1.1
%TAG !u! tag:unity3d.com,2011:
--- !u!241 &24100000
AudioMixerController:
  m_ObjectHideFlags: 0
  m_PrefabParentObject: {fileID: 0}
  m_PrefabInternal: {fileID: 0}
  m_Name: Master
  m_OutputGroup: {fileID: 0}
  m_MasterGroup: {fileID: 24300002}
  m_Snapshots:
  - {fileID: 24500006}
  m_StartSnapshot: {fileID: 24500006}
  m_SuspendThreshold: -80
  m_EnableSuspend: 1
  m_UpdateMode: 0
  m_ExposedParameters:
  - guid: b84a06cb6c4432e4e9549d48e02b17cc
    name: musicVolume
  - guid: fd1a66f77cc8b9746bf6f448aa28b31f
    name: soundeffectVolume
  m_AudioMixerGroupViews:
  - guids:
    - c6f27b90427528b43a4832dd03a0dd7f
    - ccb9744719f3a6f4da5cbac4f382bd77
    - 1dc6c49402671fd46a86dd44cca3a02b
    name: View
  m_CurrentViewIndex: 0
  m_TargetSnapshot: {fileID: 24500006}
--- !u!243 &24300002
AudioMixerGroupController:
  m_ObjectHideFlags: 0
  m_PrefabParentObject: {fileID: 0}
  m_PrefabInternal: {fileID: 0}
  m_Name: Master
  m_AudioMixer: {fileID: 24100000}
  m_GroupID: c6f27b90427528b43a4832dd03a0dd7f
  m_Children:
  - {fileID: 243136909159306688}
  - {fileID: 243549063914501272}
  m_Volume: 1940853ae160c0d48bd7e666c37c047f
  m_Pitch: cefd2a3e90bb3cd47beef3e210c07051
  m_Effects:
  - {fileID: 24400004}
  m_UserColorIndex: 0
  m_Mute: 0
  m_Solo: 0
  m_BypassEffects: 0
--- !u!244 &24400004
AudioMixerEffectController:
  m_ObjectHideFlags: 3
  m_PrefabParentObject: {fileID: 0}
  m_PrefabInternal: {fileID: 0}
  m_Name: 
  m_EffectID: 3cd22d8cfc5c9ef47987e26e834f6091
  m_EffectName: Attenuation
  m_MixLevel: c99e0a84c581d7643a8daf5971dd997a
  m_Parameters: []
  m_SendTarget: {fileID: 0}
  m_EnableWetMix: 0
  m_Bypass: 0
--- !u!245 &24500006
AudioMixerSnapshotController:
  m_ObjectHideFlags: 0
  m_PrefabParentObject: {fileID: 0}
  m_PrefabInternal: {fileID: 0}
  m_Name: Snapshot
  m_AudioMixer: {fileID: 24100000}
  m_SnapshotID: 5c3c42b1308a3e446a0957917333c755
  m_FloatValues:
    1940853ae160c0d48bd7e666c37c047f: 0
    b84a06cb6c4432e4e9549d48e02b17cc: 0
  m_TransitionOverrides: {}
--- !u!243 &243136909159306688
AudioMixerGroupController:
  m_ObjectHideFlags: 0
  m_PrefabParentObject: {fileID: 0}
  m_PrefabInternal: {fileID: 0}
  m_Name: Music
  m_AudioMixer: {fileID: 24100000}
  m_GroupID: ccb9744719f3a6f4da5cbac4f382bd77
  m_Children: []
  m_Volume: b84a06cb6c4432e4e9549d48e02b17cc
  m_Pitch: 5aab286388ab21a489b2531767439742
  m_Effects:
  - {fileID: 244636938142576296}
  m_UserColorIndex: 1
  m_Mute: 0
  m_Solo: 0
  m_BypassEffects: 0
--- !u!243 &243549063914501272
AudioMixerGroupController:
  m_ObjectHideFlags: 0
  m_PrefabParentObject: {fileID: 0}
  m_PrefabInternal: {fileID: 0}
  m_Name: Sound Effects
  m_AudioMixer: {fileID: 24100000}
  m_GroupID: 1dc6c49402671fd46a86dd44cca3a02b
  m_Children: []
  m_Volume: fd1a66f77cc8b9746bf6f448aa28b31f
  m_Pitch: aeeca8024b47de44bb3e60327b33777b
  m_Effects:
  - {fileID: 244943974532084996}
  m_UserColorIndex: 7
  m_Mute: 0
  m_Solo: 0
  m_BypassEffects: 0
--- !u!244 &244636938142576296
AudioMixerEffectController:
  m_ObjectHideFlags: 3
  m_PrefabParentObject: {fileID: 0}
  m_PrefabInternal: {fileID: 0}
  m_Name: 
  m_EffectID: e21c074d8f183b44b9a33eeb0a93a924
  m_EffectName: Attenuation
  m_MixLevel: 8e30147f6ca3bfe40936aab6c4f93366
  m_Parameters: []
  m_SendTarget: {fileID: 0}
  m_EnableWetMix: 0
  m_Bypass: 0
--- !u!244 &244943974532084996
AudioMixerEffectController:
  m_ObjectHideFlags: 3
  m_PrefabParentObject: {fileID: 0}
  m_PrefabInternal: {fileID: 0}
  m_Name: 
  m_EffectID: 4a4c177444704c24fac9e6e62dbd2643
  m_EffectName: Attenuation
  m_MixLevel: 1b256e99498146742ace8e7a720b4f7f
  m_Parameters: []
  m_SendTarget: {fileID: 0}
  m_EnableWetMix: 0
  m_Bypass: 0
